@INPROCEEDINGS{Li04comparingthe,
    author = {Jinyang Li and Jeremy Stribling and Thomer M. Gil and Robert Morris and M. Frans Kaashoek},
    title = {Comparing the Performance of Distributed Hash Tables Under Churn},
    booktitle = {IN PROC. IPTPS},
    year = {2004},
    publisher = {}
}

@inproceedings{Harjula2011,
  doi = {10.1109/wcnc.2011.5779469},
  url = {https://doi.org/10.1109/wcnc.2011.5779469},
  year  = {2011},
  month = {mar},
  publisher = {{IEEE}},
  author = {Erkki Harjula and Timo Koskela and Mika Ylianttila},
  title = {Comparing the performance and efficiency of two popular {DHTs} in interpersonal communication},
  booktitle = {2011 {IEEE} Wireless Communications and Networking Conference}
}

@misc{naqvi_2017, 
  title={Peer to peer protocols explained}, 
  url={https://medium.com/karachain/peer-to-peer-protocols-explained-3b1d947c4600}, 
  journal={medium.com}, 
  author={Naqvi, Syed Jafar}, 
  year={2017}, 
  month={Nov}
} 

@inproceedings{Tiendrebeogo2012,
  doi = {10.1109/ntms.2012.6208677},
  url = {https://doi.org/10.1109/ntms.2012.6208677},
  year  = {2012},
  month = {may},
  publisher = {{IEEE}},
  author = {Telesphore Tiendrebeogo and Daouda Ahmat and Damien Magoni},
  title = {Reliable and Scalable Distributed Hash Tables Harnessing Hyperbolic Coordinates},
  booktitle = {2012 5th International Conference on New Technologies,  Mobility and Security ({NTMS})}
}

@ARTICLE{Lua05asurvey,
  author = {Eng Keong Lua and Jon Crowcroft and Marcelo Pias and Ravi Sharma and Steven Lim},
  title = {A Survey and Comparison of Peer-to-Peer Overlay Network Schemes},
  journal = {IEEE Communications Surveys and Tutorials},
  year = {2005},
  volume = {7},
  pages = {72--93}
}

@inproceedings{Rowstron2001,
 author = {Rowstron, Antony I. T. and Druschel, Peter},
 title = {Pastry: Scalable, Decentralized Object Location, and Routing for Large-Scale Peer-to-Peer Systems},
 booktitle = {Proceedings of the IFIP/ACM International Conference on Distributed Systems Platforms Heidelberg},
 series = {Middleware '01},
 year = {2001},
 isbn = {3-540-42800-3},
 pages = {329--350},
 numpages = {22},
 url = {http://dl.acm.org/citation.cfm?id=646591.697650},
 acmid = {697650},
 publisher = {Springer-Verlag},
 address = {London, UK, UK},
} 

@incollection{Maymounkov2002,
  doi = {10.1007/3-540-45748-8_5},
  url = {https://doi.org/10.1007/3-540-45748-8_5},
  year  = {2002},
  publisher = {Springer Berlin Heidelberg},
  pages = {53--65},
  author = {Petar Maymounkov and David Mazi{\`{e}}res},
  title = {Kademlia: A Peer-to-Peer Information System Based on the {XOR} Metric},
  booktitle = {Peer-to-Peer Systems}
}

@inproceedings{Kovacevic2008,
  doi = {10.1109/icpads.2008.68},
  url = {https://doi.org/10.1109/icpads.2008.68},
  year  = {2008},
  month = {dec},
  publisher = {{IEEE}},
  author = {Aleksandra Kovacevic and Kalman Graffi and Sebastian Kaune and Christof Leng and Ralf Steinmetz},
  title = {Towards Benchmarking of Structured Peer-to-Peer Overlays for Network Virtual Environments},
  booktitle = {2008 14th {IEEE} International Conference on Parallel and Distributed Systems}
}

% https://www.doi2bib.org/
% http://www.citationmachine.net/bibliographies/
